@article{merton1936,
    author = {Robert K. Merton},
    year = {1936},
    title = {The Unanticipated Consequences of Purposive Social Action},
    journal = {American Sociological Review},
    pages = {894--904},
}

@article{hayek1945,
    author = {Friedrich A. Hayek},
    year = {1945},
    title = {The Use of Knowledge in Society},
    journal = {American Economic Review},
    pages = {519--530},
}

@misc{econlib2023,
    author = {Rob Norton},
    year = {2023},
    title = {Unintended Consequences},
    howpublished = {\url{http://www.econlib.org/library/Enc/UnintendedConsequences.html}},
}

@misc{reason2019,
    author = {Christian Britschgi},
    year = {2019},
    title = {When Mandating Affordable Housing Makes Housing Less Affordable},
    howpublished = {\url{https://reason.com/2019/03/25/when-mandating-affordable-housing-makes-housing-less-affordable/}},
}

@misc{reason2023,
    author = {Eric Boehm},
    year = {2023},
    title = {FDA Commisioner: No One 'Envisioned" the Consequences of New Sesame Seed Labeling Rule},
    howpublished = {\url{https://reason.com/2023/07/28/fda-commissioner-no-one-envisioned-the-consequences-of-new-sesame-seed-labeling-rule/}},
}

@misc{fda2023,
    author = {Robert M. Califf},
    year = {2023},
    title = {An Update on Sesame Allergen Labeling on Food Packages},
    howpublished = {\url{https://www.fda.gov/news-events/fda-voices/update-sesame-allergen-labeling-food-packages}}
}

@misc{intelligencer2020,
    author = {Josh Barro},
    year = {2020},
    title = {Here's Why so Many Planes Are Still Flying, Nearly Empty},
    howpublished = {\url{https://nymag.com/intelligencer/2020/04/heres-why-so-many-planes-are-still-flying-nearly-empty.html}}
}

@misc{wired2022,
    author = {Chris Stokel-Walker},
    year = {2022},
    title = {Thousands of Planes Are Flying Empty and No One Can Stop Them},
    howpublished = {\url{https://www.wired.com/story/airplanes-empty-slots-covid/}}
}

@misc{simpleflying2020,
    author = {Justin Hayward},
    year = {2020},
    title = {How Airlines Get Airport Slots \& Why They Cost So Much},
    howpublished = {\url{https://simpleflying.com/airport-slots/}}
}

@misc{usdot2014,
    author = {U.S. Department of Transportation},
    year = {2014},
    title = {Corporate Average Fuel Economy (CAFE) Standards},
    howpublished = {\url{https://www.transportation.gov/mission/sustainability/corporate-average-fuel-economy-cafe-standards}}
}

@misc{reason2018,
    author = {Julian Morris},
    year = {2018},
    title = {The Effect Of Corporate Average Fuel Economy Standards On Consumers},
    howpublished = {\url{https://reason.org/policy-brief/the-effect-of-corporate-average-fuel-economy-standards-on-consumers/}}
}

