@book{rustforrustaceans,
  author = {Jon Gjengset},
  year = {2021},
  title = {Rust for Rustaceans: Idiomatic Programming for Experienced Developers},
  publisher = {No Starch},
  comment = {
      In this book, the author goes beyond the basics byexploring
          exploring common advanced programming patterns and
          concepts. Instead of defining a trait, he shows
          meaningful, stateful, applications of traits in
          specific problems
  }
}

