@book{amonetaryhistory,
  author = {Milton Friedman and Anna Schwartz},
  year = {1963},
  title = {A Monetary History of the United States 1867-1960},
  publisher = {Princeton University Press},
}

@misc{fredmoneysupply,
    year = {2023},
    author = {FRED},
    title = {National Bureau of Economic Research, Total Money Supply for United States},
    %url = {https://fred.stlouisfed.org/series/M1490AUSM157SNBR},
}

@misc{macrotrendsdow,
    year = {2023},
    author = {MacroTrends},
    title = {Dow Jones - DJIA - 100 Year Historical Chart},
    %url = {https://www.macrotrends.net/1319/dow-jones-100-year-historical-chart},
}

@article{revisitinggd,
 ISSN = {03633276, 2328529X},
 %URL = {http://www.jstor.org/stable/41484425},
 author = {Robert J. Samuelson},
 journal = {The Wilson Quarterly (1976-)},
 publisher = {[Wilson Quarterly, Woodrow Wilson International Center for Scholars]},
 title = {Revisiting the Great Depression},
 year = {2012}
}

@article{americaneconomy20s,
    author = {Steven Mintz},
    title = {The American Economy during the 1920s},
    journal = {The Gilder Lehrman Institute of American History},
}

@article{nber,
    title = {National Bureau of Economic Research},
    year = {1994},
    journal = {Federal Reserve Economic Data},
    %url = {https://data.nber.org/databases/macrohistory/data/08/m08084a.db},
}

@article{hhplm,
    title = {The Great Depression},
    year = {2023},
    journal = {Herbert Hoover Presidential Library and Museum},
}

@article{economistssmoothawley,
    title = {Economists Against Smoot-Hawley},
    year = {2007},
    journal = {Econ Journal Watch},
}

@book{peddlingprotectionism,
    title = {Peddling Protectionism: Smoot Hawley and the Great Depression},
    year = {2011},
    author = {Douglas A. Irwing},
    publisher = {Princeton University Press},
}

@article{stockmarketcrash,
    title = {Stock Market Crash of 1929},
    journal = {Federal Reserve History},
    year = {2013},
    author = {Michael Bryan},
}
