@online{revenueaspercentofgdp,
    title={Federal Receipts as Percent of Gross Domsetic Product},
    author={FRED},
    year={2023},
    url={https://fred.stlouisfed.org/series/FYFRGDA188S},
}

@online{taxbrackets,
    title={Historical US Federal Income Tax Rates},
    author={Tax Foundation},
    year={2023},
    url={https://taxfoundation.org/data/all/federal/historical-income-tax-rates-brackets/},
}

@online{revenueactof1964,
    title={Revenue Act of 1964},
    author={Wikipedia},
    year={2023},
    url={https://en.wikipedia.org/wiki/Revenue_Act_of_1964},
},

@online{revenueactof1986,
    title={Tax Reform Act of 1986},
    author={Wikipedia},
    year={2023},
    url={https://en.wikipedia.org/wiki/Tax_Reform_Act_of_1986},
},

